@Article{TOBIN/58,
  author = 	 {Tobin, James},
  title = 	 {Estimation of relationships for limited dependent variables},
  journal = 	 {Econometrica},
  year = 	 {1958},
  OPTkey = 	 {},
  OPTvolume = 	 {26},
  OPTnumber = 	 {},
  OPTpages = 	 {24-36},
  OPTmonth = 	 {},
  OPTnote = 	 {},
  OPTannote = 	 {}
}


  @Manual{SURVA/08,
    title = {survival: Survival analysis, including penalised likelihood.},
    author = {S original by Terry Therneau and ported by Thomas Lumley},
    year = {2008},
    note = {R package version 2.34-1},

  @Article{TOOME/HENNI/08,
    title = {Sample Selection Models in {R}: Package {sampleSelection}},
    author = {Ott Toomet and Arne Henningsen},
    journal = {Journal of Statistical Software},
    year = {2008},
    volume = {27},
    number = {7},
    url = {http://www.jstatsoft.org/v27/i07/},
  }
